{
  "leader": "03022cas a22006731i 4500",
  "fields": [
    {
      "001": "ocm01759017\\"
    },
    {
      "003": "OCoLC"
    },
    {
      "005": "20220712094219.0"
    },
    {
      "008": "751101d18772009dcu\\x\\\\\\\\\\\\\\\\\\0\\\\\\a0eng\\\\"
    },
    {
      "010": {
        "ind1": "\\",
        "ind2": "\\",
        "subfields": [
          {
            "a": "   05026629 "
          }
        ]
      }
    },
    {
      "040": {
        "ind1": "\\",
        "ind2": "\\",
        "subfields": [
          {
            "a": "DLC"
          },
          {
            "b": "eng"
          },
          {
            "c": "MUL"
          },
          {
            "d": "OCL"
          },
          {
            "d": "NSD"
          },
          {
            "d": "DLC"
          },
          {
            "d": "NSD"
          },
          {
            "d": "RCS"
          },
          {
            "d": "OCL"
          },
          {
            "d": "AIP"
          },
          {
            "d": "AGL"
          },
          {
            "d": "DLC"
          },
          {
            "d": "NST"
          },
          {
            "d": "HUL"
          },
          {
            "d": "NST"
          },
          {
            "d": "HUL"
          },
          {
            "d": "OCL"
          },
          {
            "d": "SYS"
          },
          {
            "d": "IUL"
          },
          {
            "d": "NLM"
          },
          {
            "d": "OCLCQ"
          },
          {
            "d": "IUL"
          },
          {
            "d": "NLGGC"
          },
          {
            "d": "CUV"
          },
          {
            "d": "NZ1"
          },
          {
            "d": "EEM"
          },
          {
            "d": "MUQ"
          },
          {
            "d": "OCLCQ"
          },
          {
            "d": "J9U"
          },
          {
            "d": "DLC"
          },
          {
            "d": "MYG"
          },
          {
            "d": "UKMGB"
          },
          {
            "d": "MYG"
          },
          {
            "d": "CUS"
          },
          {
            "d": "OCLCF"
          },
          {
            "d": "EUW"
          },
          {
            "d": "OCLCQ"
          },
          {
            "d": "MDAVP"
          },
          {
            "d": "OCLCO"
          },
          {
            "d": "OCLCA"
          },
          {
            "d": "IUL"
          },
          {
            "d": "OCL"
          },
          {
            "d": "OCLCO"
          },
          {
            "d": "OCLCA"
          },
          {
            "d": "OCL"
          },
          {
            "d": "L2U"
          },
          {
            "d": "CGU"
          },
          {
            "d": "OCLCQ"
          }
        ]
      }
    },
    {
      "012": {
        "ind1": "\\",
        "ind2": "\\",
        "subfields": [
          {
            "a": "3"
          },
          {
            "b": "3"
          },
          {
            "e": "n"
          }
        ]
      }
    },
    {
      "016": {
        "ind1": "7",
        "ind2": "\\",
        "subfields": [
          {
            "a": "0204770"
          },
          {
            "2": "DNLM"
          }
        ]
      }
    },
    {
      "016": {
        "ind1": "7",
        "ind2": "\\",
        "subfields": [
          {
            "a": "B15940000"
          },
          {
            "2": "DNLM"
          }
        ]
      }
    },
    {
      "016": {
        "ind1": "7",
        "ind2": "\\",
        "subfields": [
          {
            "a": "000279805"
          },
          {
            "2": "IsJJNL"
          }
        ]
      }
    },
    {
      "016": {
        "ind1": "7",
        "ind2": "\\",
        "subfields": [
          {
            "a": "003858924"
          },
          {
            "2": "Uk"
          }
        ]
      }
    },
    {
      "016": {
        "ind1": "7",
        "ind2": "\\",
        "subfields": [
          {
            "a": "011101263"
          },
          {
            "2": "Uk"
          }
        ]
      }
    },
    {
      "019": {
        "ind1": "\\",
        "ind2": "\\",
        "subfields": [
          {
            "a": "870204"
          },
          {
            "a": "1089422"
          },
          {
            "a": "170958446"
          },
          {
            "a": "185059756"
          },
          {
            "a": "241600772"
          },
          {
            "a": "749633358"
          },
          {
            "a": "905504516"
          },
          {
            "a": "960170100"
          },
          {
            "a": "1064487429"
          },
          {
            "a": "1084913332"
          },
          {
            "a": "1114254082"
          },
          {
            "a": "1167122441"
          },
          {
            "a": "1242789617"
          },
          {
            "a": "1246498938"
          }
        ]
      }
    },
    {
      "022": {
        "ind1": "0",
        "ind2": "\\",
        "subfields": [
          {
            "a": "0077-2933"
          },
          {
            "l": "0077-2933"
          },
          {
            "2": "1"
          }
        ]
      }
    },
    {
      "030": {
        "ind1": "\\",
        "ind2": "\\",
        "subfields": [
          {
            "a": "BMNSAC"
          }
        ]
      }
    },
    {
      "035": {
        "ind1": "\\",
        "ind2": "\\",
        "subfields": [
          {
            "a": "(OCoLC)1759017"
          },
          {
            "z": "(OCoLC)870204"
          },
          {
            "z": "(OCoLC)1089422"
          },
          {
            "z": "(OCoLC)170958446"
          },
          {
            "z": "(OCoLC)185059756"
          },
          {
            "z": "(OCoLC)241600772"
          },
          {
            "z": "(OCoLC)749633358"
          },
          {
            "z": "(OCoLC)905504516"
          },
          {
            "z": "(OCoLC)960170100"
          },
          {
            "z": "(OCoLC)1064487429"
          },
          {
            "z": "(OCoLC)1084913332"
          },
          {
            "z": "(OCoLC)1114254082"
          },
          {
            "z": "(OCoLC)1167122441"
          },
          {
            "z": "(OCoLC)1242789617"
          },
          {
            "z": "(OCoLC)1246498938"
          }
        ]
      }
    },
    {
      "042": {
        "ind1": "\\",
        "ind2": "\\",
        "subfields": [
          {
            "a": "nsdp"
          },
          {
            "a": "pcc"
          }
        ]
      }
    },
    {
      "043": {
        "ind1": "\\",
        "ind2": "\\",
        "subfields": [
          {
            "a": "n-us---"
          }
        ]
      }
    },
    {
      "050": {
        "ind1": "0",
        "ind2": "0",
        "subfields": [
          {
            "a": "Q141"
          },
          {
            "b": ".N2"
          }
        ]
      }
    },
    {
      "060": {
        "ind1": "0",
        "ind2": "0",
        "subfields": [
          {
            "a": "Q 141"
          },
          {
            "b": "N277b"
          }
        ]
      }
    },
    {
      "082": {
        "ind1": "0",
        "ind2": "4",
        "subfields": [
          {
            "a": "509.22"
          },
          {
            "b": "NAT"
          }
        ]
      }
    },
    {
      "110": {
        "ind1": "2",
        "ind2": "\\",
        "subfields": [
          {
            "a": "National Academy of Sciences (U.S.)"
          }
        ]
      }
    },
    {
      "210": {
        "ind1": "0",
        "ind2": "\\",
        "subfields": [
          {
            "a": "Biogr. mem."
          }
        ]
      }
    },
    {
      "222": {
        "ind1": "\\",
        "ind2": "0",
        "subfields": [
          {
            "a": "Biographical memoirs"
          }
        ]
      }
    },
    {
      "245": {
        "ind1": "1",
        "ind2": "0",
        "subfields": [
          {
            "a": "Biographical memoirs."
          }
        ]
      }
    },
    {
      "260": {
        "ind1": "\\",
        "ind2": "\\",
        "subfields": [
          {
            "a": "Washington :"
          },
          {
            "b": "National Academy of Sciences,"
          },
          {
            "c": "1877-"
          }
        ]
      }
    },
    {
      "300": {
        "ind1": "\\",
        "ind2": "\\",
        "subfields": [
          {
            "a": "volumes :"
          },
          {
            "b": "illustrations ;"
          },
          {
            "c": "24 cm"
          }
        ]
      }
    },
    {
      "310": {
        "ind1": "\\",
        "ind2": "\\",
        "subfields": [
          {
            "a": "Irregular"
          }
        ]
      }
    },
    {
      "336": {
        "ind1": "\\",
        "ind2": "\\",
        "subfields": [
          {
            "a": "text"
          },
          {
            "b": "txt"
          },
          {
            "2": "rdacontent"
          }
        ]
      }
    },
    {
      "337": {
        "ind1": "\\",
        "ind2": "\\",
        "subfields": [
          {
            "a": "unmediated"
          },
          {
            "b": "n"
          },
          {
            "2": "rdamedia"
          }
        ]
      }
    },
    {
      "338": {
        "ind1": "\\",
        "ind2": "\\",
        "subfields": [
          {
            "a": "volume"
          },
          {
            "b": "nc"
          },
          {
            "2": "rdacarrier"
          }
        ]
      }
    },
    {
      "362": {
        "ind1": "0",
        "ind2": "\\",
        "subfields": [
          {
            "a": "v. 1-"
          }
        ]
      }
    },
    {
      "362": {
        "ind1": "1",
        "ind2": "\\",
        "subfields": [
          {
            "a": "Ceased with v. 91 in 2009,"
          }
        ]
      }
    },
    {
      "510": {
        "ind1": "0",
        "ind2": "\\",
        "subfields": [
          {
            "a": "Chemical abstracts"
          },
          {
            "x": "0009-2258"
          }
        ]
      }
    },
    {
      "520": {
        "ind1": "\\",
        "ind2": "\\",
        "subfields": [
          {
            "a": "List of papers contained in v. 1-9 is given in National Academy of Sciences. Proceedings ... Index ... 1915-24, 1926."
          }
        ]
      }
    },
    {
      "555": {
        "ind1": "\\",
        "ind2": "\\",
        "subfields": [
          {
            "a": "Vols. 1-35, 1877-1961, in v. 36 (1962); v. 1-40, 1877-1969, in v. 40 (1969); v. 1-63, 1877-1994, in v. 63 (1994)."
          }
        ]
      }
    },
    {
      "588": {
        "ind1": "1",
        "ind2": "\\",
        "subfields": [
          {
            "a": "Volume 83 (2003)"
          }
        ]
      }
    },
    {
      "650": {
        "ind1": "\\",
        "ind2": "0",
        "subfields": [
          {
            "a": "Scientists"
          },
          {
            "z": "United States."
          }
        ]
      }
    },
    {
      "650": {
        "ind1": "\\",
        "ind2": "7",
        "subfields": [
          {
            "a": "Scientists."
          },
          {
            "2": "fast"
          },
          {
            "0": "(OCoLC)fst01108895"
          }
        ]
      }
    },
    {
      "651": {
        "ind1": "\\",
        "ind2": "7",
        "subfields": [
          {
            "a": "United States."
          },
          {
            "2": "fast"
          },
          {
            "0": "(OCoLC)fst01204155"
          }
        ]
      }
    },
    {
      "650": {
        "ind1": "\\",
        "ind2": "2",
        "subfields": [
          {
            "a": "Science."
          }
        ]
      }
    },
    {
      "651": {
        "ind1": "\\",
        "ind2": "2",
        "subfields": [
          {
            "a": "United States."
          }
        ]
      }
    },
    {
      "655": {
        "ind1": "\\",
        "ind2": "7",
        "subfields": [
          {
            "a": "Biographies."
          },
          {
            "2": "fast"
          },
          {
            "0": "(OCoLC)fst01919896"
          }
        ]
      }
    },
    {
      "655": {
        "ind1": "\\",
        "ind2": "7",
        "subfields": [
          {
            "a": "Periodicals."
          },
          {
            "2": "fast"
          },
          {
            "0": "(OCoLC)fst01411641"
          }
        ]
      }
    },
    {
      "655": {
        "ind1": "\\",
        "ind2": "2",
        "subfields": [
          {
            "a": "Biography."
          }
        ]
      }
    },
    {
      "776": {
        "ind1": "0",
        "ind2": "8",
        "subfields": [
          {
            "i": "Online version:"
          },
          {
            "a": "National Academy of Sciences (U.S.)."
          },
          {
            "t": "Biographical memoirs"
          },
          {
            "w": "(OCoLC)1103312018"
          }
        ]
      }
    },
    {
      "850": {
        "ind1": "\\",
        "ind2": "\\",
        "subfields": [
          {
            "a": "CSf"
          },
          {
            "a": "CoU"
          },
          {
            "a": "DLC"
          },
          {
            "a": "IC"
          },
          {
            "a": "MBCo"
          },
          {
            "a": "MH"
          },
          {
            "a": "MH-A"
          },
          {
            "a": "MH-CS"
          },
          {
            "a": "P"
          },
          {
            "a": "PU"
          },
          {
            "a": "WvU"
          }
        ]
      }
    },
    {
      "856": {
        "ind1": "4",
        "ind2": "1",
        "subfields": [
          {
            "u": "http://bibpurl.oclc.org/web/5741"
          },
          {
            "u": "http://www.nasonline.org/publications/biographical-memoirs/online-collection.html"
          }
        ]
      }
    },
    {
      "891": {
        "ind1": "3",
        "ind2": "0",
        "subfields": [
          {
            "9": "853"
          },
          {
            "8": "1"
          },
          {
            "a": "v."
          },
          {
            "i": "(year)"
          }
        ]
      }
    },
    {
      "891": {
        "ind1": "4",
        "ind2": "0",
        "subfields": [
          {
            "9": "863"
          },
          {
            "8": "1"
          },
          {
            "a": "<27>"
          },
          {
            "i": "<1952>"
          },
          {
            "x": "provisional"
          }
        ]
      }
    },
    {
      "936": {
        "ind1": "\\",
        "ind2": "\\",
        "subfields": [
          {
            "a": "Unknown"
          },
          {
            "a": "Vol. 87 (2005)"
          }
        ]
      }
    },
    {
      "994": {
        "ind1": "\\",
        "ind2": "\\",
        "subfields": [
          {
            "a": "Z0"
          },
          {
            "b": "NYRVC"
          }
        ]
      }
    },
    {
      "948": {
        "ind1": "\\",
        "ind2": "\\",
        "subfields": [
          {
            "h": "NO HOLDINGS IN NYRVC - 622 OTHER HOLDINGS"
          }
        ]
      }
    },
    {
      "999": {
        "ind1": "\\",
        "ind2": "\\",
        "subfields": [
          {
            "a": "00000000012934"
          },
          {
            "v": "Volume 83"
          }
        ]
      }
    }
  ]
}